%% This BibTeX bibliography file was created using BibDesk.
%% http://bibdesk.sourceforge.net/


%% Created for janetyc at 2016-01-20 00:29:23 +0800 


%% Saved with string encoding Unicode (UTF-8) 



@inproceedings{Bernstein:UIST10,
	Acmid = {1866078},
	Address = {New York, NY, USA},
	Author = {Bernstein, Michael S. and Little, Greg and Miller, Robert C. and Hartmann, Bj\"{o}rn and Ackerman, Mark S. and Karger, David R. and Crowell, David and Panovich, Katrina},
	Booktitle = {Proceedings of the 23nd annual ACM symposium on User interface software and technology},
	Date-Added = {2016-01-19 16:27:49 +0000},
	Date-Modified = {2016-01-19 16:27:49 +0000},
	Doi = {10.1145/1866029.1866078},
	Isbn = {978-1-4503-0271-5},
	Keywords = {crowdsourcing, mechanical turk, outsourcing},
	Location = {New York, New York, USA},
	Numpages = {10},
	Pages = {313--322},
	Publisher = {ACM},
	Series = {UIST '10},
	Title = {Soylent: a word processor with a crowd inside},
	Url = {http://doi.acm.org/10.1145/1866029.1866078},
	Year = {2010},
	Bdsk-Url-1 = {http://doi.acm.org/10.1145/1866029.1866078},
	Bdsk-Url-2 = {http://dx.doi.org/10.1145/1866029.1866078}}
